@book{moyses_1,
  title = {Curso de Física Básica, vol. 1: Mecânica},
  author = {Moysés Nussenzveig, Herch},
  volume = {1},
  edition = {5},
  publisher = {Editora Blucher},
  year = {2013},
  address = {São Paulo, Brasil}
}

@book{moyses_2,
  title = {Curso de Física Básica, vol. 2: Fluidos, Oscilações e Ondas, Calor},
  author = {Moysés Nussenzveig, Herch},
  volume = {2},
  edition = {5},
  publisher = {Editora Blucher},
  year = {2014},
  address = {São Paulo, Brasil}
}

@book{torton_marion,
    title={Classical Dynamics of Particles and Systems},
    author={Thornton, Stephen T and Marion, Jerry B},
    year={2004},
    publisher={Cengage Learning} 
}

@book{symon,
  title={Mechanics},
  author={Symon, Keith R},
  year={1971},
  publisher={Addison-Wesley}
}